<record><leader>00000cas a2200000Ma 4500</leader><controlfield tag="001">701817555</controlfield><controlfield tag="007">hd afa---baca</controlfield><controlfield tag="008">850905d18761884caudn nea     0    0eng  </controlfield><datafield ind1=" " ind2=" " tag="010"><subfield code="a">sn 85042459 </subfield></datafield><datafield ind1=" " ind2=" " tag="040"><subfield code="a">DLC</subfield><subfield code="b">eng</subfield><subfield code="c">YUS</subfield><subfield code="d">OCLCF</subfield><subfield code="d">OCLCO</subfield><subfield code="d">OCLCQ</subfield></datafield><datafield ind1=" " ind2=" " tag="043"><subfield code="a">n-us-ca</subfield></datafield><datafield ind1="0" ind2="0" tag="245"><subfield code="a">Daily Los Angeles herald.</subfield></datafield><datafield ind1="1" ind2=" " tag="246"><subfield code="i">Issues for Apr. 25, 1882-Sept. 17, 1882 published as:</subfield><subfield code="a">Los Angeles daily herald</subfield></datafield><datafield ind1="3" ind2="0" tag="246"><subfield code="a">Los Angeles herald</subfield></datafield><datafield ind1="3" ind2="0" tag="246"><subfield code="a">Daily herald</subfield></datafield><datafield ind1=" " ind2=" " tag="260"><subfield code="a">Los Angeles [Calif.] :</subfield><subfield code="b">J.D. Lynch,</subfield><subfield code="c">1876-1884.</subfield></datafield><datafield ind1=" " ind2=" " tag="300"><subfield code="a">volumes :</subfield><subfield code="b">illustrations, portraits</subfield></datafield><datafield ind1=" " ind2=" " tag="310"><subfield code="a">Daily (except Monday)</subfield></datafield><datafield ind1=" " ind2=" " tag="336"><subfield code="a">text</subfield><subfield code="b">txt</subfield><subfield code="2">rdacontent</subfield></datafield><datafield ind1=" " ind2=" " tag="337"><subfield code="a">microform</subfield><subfield code="b">h</subfield><subfield code="2">rdamedia</subfield></datafield><datafield ind1=" " ind2=" " tag="338"><subfield code="a">microfilm reel</subfield><subfield code="b">hd</subfield><subfield code="2">rdacarrier</subfield></datafield><datafield ind1="0" ind2=" " tag="362"><subfield code="a">Vol. 7, no. 1 (Nov. 14, 1876)-</subfield></datafield><datafield ind1="1" ind2=" " tag="362"><subfield code="a">Ceased Oct. 5, 1884.</subfield></datafield><datafield ind1=" " ind2=" " tag="500"><subfield code="a">The words "Los Angeles" appear within the title device.</subfield></datafield><datafield ind1=" " ind2=" " tag="533"><subfield code="a">Microfilm.</subfield><subfield code="b">Berkeley, Calif. :</subfield><subfield code="c">University of California, Bancroft Library.[</subfield><subfield code="d">[2008?].</subfield><subfield code="e">13 microfilm reels ; 35 mm.</subfield><subfield code="f">s2008 cau a.</subfield></datafield><datafield ind1=" " ind2="0" tag="651"><subfield code="a">Los Angeles (Calif.)</subfield><subfield code="v">Newspapers.</subfield></datafield><datafield ind1=" " ind2="0" tag="651"><subfield code="a">Los Angeles County (Calif.)</subfield><subfield code="v">Newspapers.</subfield></datafield><datafield ind1=" " ind2="7" tag="651"><subfield code="a">California</subfield><subfield code="z">Los Angeles.</subfield><subfield code="2">fast</subfield><subfield code="0">(OCoLC)fst01204540</subfield></datafield><datafield ind1=" " ind2="7" tag="651"><subfield code="a">California</subfield><subfield code="z">Los Angeles County.</subfield><subfield code="2">fast</subfield><subfield code="0">(OCoLC)fst01205194</subfield></datafield><datafield ind1=" " ind2="7" tag="655"><subfield code="a">Newspapers.</subfield><subfield code="2">fast</subfield><subfield code="0">(OCoLC)fst01423814</subfield></datafield><datafield ind1=" " ind2=" " tag="752"><subfield code="a">United States</subfield><subfield code="b">California</subfield><subfield code="c">Los Angeles</subfield><subfield code="d">Los Angeles.</subfield></datafield><datafield ind1="0" ind2=" " tag="775"><subfield code="t">Angeles weekly herald (Los Angeles, Calif. : 1874)</subfield><subfield code="w">(DLC)sn 84038807</subfield><subfield code="w">(OCoLC)11529399</subfield></datafield><datafield ind1="0" ind2="0" tag="780"><subfield code="t">Angeles daily herald (Los Angeles, Calif. : 1873)</subfield><subfield code="w">(DLC)sn 84038806</subfield><subfield code="w">(OCoLC)11529378</subfield></datafield><datafield ind1="0" ind2="0" tag="785"><subfield code="t">Angeles daily herald (Los Angeles, Calif. : 1884)</subfield><subfield code="w">(DLC)sn 85042460</subfield><subfield code="w">(OCoLC)12493571</subfield></datafield></record>